@book{Simons2008,
	title={From Hahn-Banach to Monotonicity},
	author={Simons, Stephen and Takens, F},
	volume={1693},
	year={2008},
	publisher={Springer}
}

@book{borwein2010convex,
	title={Convex analysis and nonlinear optimization: theory and examples},
	author={Borwein, Jonathan and Lewis, Adrian S},
	year={2010},
	publisher={Springer Science \& Business Media}
}

@article{elliot1999mathematics,
	title={Mathematics of Financial Markets Springer},
	author={Elliot, RJ and Kopp, PE},
	journal={New York},
	year={2005}
}
